<record><leader>02504pam a2200457 i 4500</leader><controlfield tag="001">6765626</controlfield><controlfield tag="003">OCoLC</controlfield><controlfield tag="005">20141207085012.0</controlfield><controlfield tag="008">140428s2015    enka          000 0 eng  </controlfield><datafield ind1=" " ind2=" " tag="010"><subfield code="a">  2014010256</subfield></datafield><datafield ind1=" " ind2=" " tag="015"><subfield code="a">GBB486766</subfield><subfield code="2">bnb</subfield></datafield><datafield ind1="7" ind2=" " tag="016"><subfield code="a">016829265</subfield><subfield code="2">Uk</subfield></datafield><datafield ind1=" " ind2=" " tag="020"><subfield code="a">9780415728027 (hardback)</subfield></datafield><datafield ind1=" " ind2=" " tag="020"><subfield code="a">0415728029 (hardback)</subfield></datafield><datafield ind1=" " ind2=" " tag="020"><subfield code="a">9780415728034 (pbk)</subfield></datafield><datafield ind1=" " ind2=" " tag="020"><subfield code="a">0415728037 (pbk)</subfield></datafield><datafield ind1=" " ind2=" " tag="020"><subfield code="z">9781315851839 (ebk)</subfield></datafield><datafield ind1=" " ind2=" " tag="035"><subfield code="a">ocn891669811</subfield></datafield><datafield ind1=" " ind2=" " tag="040"><subfield code="a">DLC</subfield><subfield code="b">eng</subfield><subfield code="e">rda</subfield><subfield code="c">DLC</subfield><subfield code="d">YDXCP</subfield><subfield code="d">BTCTA</subfield><subfield code="d">UKMGB</subfield><subfield code="d">BDX</subfield><subfield code="d">OCLCF</subfield><subfield code="d">OCLCO</subfield><subfield code="d">EEK</subfield><subfield code="d">CDX</subfield><subfield code="d">UAB</subfield></datafield><datafield ind1=" " ind2=" " tag="042"><subfield code="a">pcc</subfield></datafield><datafield ind1="0" ind2="0" tag="050"><subfield code="a">G74</subfield><subfield code="b">.J57 2015</subfield></datafield><datafield ind1="0" ind2="0" tag="082"><subfield code="a">372.89/1</subfield><subfield code="2">23</subfield></datafield><datafield ind1=" " ind2=" " tag="084"><subfield code="a">EDU000000</subfield><subfield code="a">EDU010000</subfield><subfield code="a">EDU044000</subfield><subfield code="2">bisacsh</subfield></datafield><datafield ind1=" " ind2=" " tag="090"><subfield code="a">G 74 J57 2015</subfield><subfield code="b">AEU</subfield></datafield><datafield ind1="1" ind2=" " tag="100"><subfield code="a">Jones, Mark</subfield><subfield code="q">(Mark Stephen),</subfield><subfield code="e">author.</subfield></datafield><datafield ind1="1" ind2="0" tag="245"><subfield code="a">Jumpstart! geography :</subfield><subfield code="b">engaging activities for ages 7-12 /</subfield><subfield code="c">Mark Jones and Sarah Whitehouse.</subfield></datafield><datafield ind1=" " ind2="1" tag="264"><subfield code="a">London ;</subfield><subfield code="a">New York :</subfield><subfield code="b">Routledge, Taylor &amp; Francis Group,</subfield><subfield code="c">2015.</subfield></datafield><datafield ind1=" " ind2=" " tag="300"><subfield code="a">xi, 113 pages :</subfield><subfield code="b">black and white illustrations ;</subfield><subfield code="c">21 cm.</subfield></datafield><datafield ind1=" " ind2=" " tag="336"><subfield code="a">text</subfield><subfield code="2">rdacontent</subfield></datafield><datafield ind1=" " ind2=" " tag="337"><subfield code="a">unmediated</subfield><subfield code="2">rdamedia</subfield></datafield><datafield ind1=" " ind2=" " tag="338"><subfield code="a">volume</subfield><subfield code="2">rdacarrier</subfield></datafield><datafield ind1="1" ind2=" " tag="490"><subfield code="a">Jumpstart</subfield></datafield><datafield ind1=" " ind2=" " tag="500"><subfield code="a">"A David Fulton Book"-- Cover.</subfield></datafield><datafield ind1="0" ind2=" " tag="505"><subfield code="a">1. Places in my world ; Personal geographies ; My home and local area ; Comparing places people live ; Getting to other places -- 2. Where is this place? ; Latitude and longtitude ; Time zones ; Continents and oceas ; Great Britain, United Kingdom or British Isles ; Contrasting continents -- 3. What is the human world? ; Population ; Towns and cities ; Shops and shopping ; Countryside ; Migration ; Food and fairtrade ; People and jobs ; Recreation and tourism -- 4. What is the natural world? ; Climate ; World biomes ; Tropical rainforests ; Deserts ; Temperate forests ; Weather ; The water cycle ; Rivers and floods ; Sea and coasts ; Volcanoes ; Earthquakes -- 5. Living for a better world ; Local to global ; Contrasting people and places ; Using natural resources and energy ; Sustainability at school ; Using the school grounds.</subfield></datafield><datafield ind1=" " ind2=" " tag="596"><subfield code="a">41</subfield></datafield><datafield ind1=" " ind2="0" tag="650"><subfield code="a">Geography</subfield><subfield code="x">Study and teaching (Elementary)</subfield><subfield code="x">Activity programs.</subfield></datafield><datafield ind1=" " ind2="0" tag="650"><subfield code="a">Geography</subfield><subfield code="x">Study and teaching (Middle)</subfield><subfield code="x">Activity programs.</subfield></datafield><datafield ind1="1" ind2=" " tag="700"><subfield code="a">Whitehouse, Sarah,</subfield><subfield code="e">author.</subfield></datafield><datafield ind1=" " ind2="0" tag="830"><subfield code="a">Jumpstart! (London, England)</subfield></datafield><datafield ind1=" " ind2=" " tag="949"><subfield code="a">G 74 J57 2015</subfield><subfield code="c">1</subfield><subfield code="h">UAED-B</subfield><subfield code="i">0162035205341</subfield></datafield><datafield ind1=" " ind2=" " tag="926"><subfield code="a">G 74 J57 2015</subfield><subfield code="w">LC</subfield><subfield code="c">1</subfield><subfield code="i">0162035205341</subfield><subfield code="d">2/23/2015</subfield><subfield code="e">2/5/2015</subfield><subfield code="l">FLOOR_2</subfield><subfield code="m">UAEDUC</subfield><subfield code="n">1</subfield><subfield code="p">$150.00</subfield><subfield code="r">Y</subfield><subfield code="s">Y</subfield><subfield code="t">BOOK</subfield><subfield code="u">1/6/2015</subfield></datafield></record>